@article{scikit-learn,
 title={Scikit-learn: Machine Learning in {P}ython},
 author={Pedregosa, F. and Varoquaux, G. and Gramfort, A. and Michel, V.
         and Thirion, B. and Grisel, O. and Blondel, M. and Prettenhofer, P.
         and Weiss, R. and Dubourg, V. and Vanderplas, J. and Passos, A. and
         Cournapeau, D. and Brucher, M. and Perrot, M. and Duchesnay, E.},
 journal={Journal of Machine Learning Research},
 volume={12},
 pages={2825--2830},
 year={2011}
}

@article{         numpy,
 title         = {Array programming with {NumPy}},
 author        = {Charles R. Harris and K. Jarrod Millman and St{'{e}}fan J.
                 van der Walt and Ralf Gommers and Pauli Virtanen and David
                 Cournapeau and Eric Wieser and Julian Taylor and Sebastian
                 Berg and Nathaniel J. Smith and Robert Kern and Matti Picus
                 and Stephan Hoyer and Marten H. van Kerkwijk and Matthew
                 Brett and Allan Haldane and Jaime Fern{'{a}}ndez del
                 R{'{\i}}o and Mark Wiebe and Pearu Peterson and Pierre
                 G{'{e}}rard-Marchant and Kevin Sheppard and Tyler Reddy and
                 Warren Weckesser and Hameer Abbasi and Christoph Gohlke and
                 Travis E. Oliphant},
 year          = {2020},
 month         = sep,
 journal       = {Nature},
 volume        = {585},
 number        = {7825},
 pages         = {357--362},
 doi           = {10.1038/s41586-020-2649-2},
 publisher     = {Springer Science and Business Media {LLC}},
 url           = {https://doi.org/10.1038/s41586-020-2649-2}
}

@Manual{arules,
  title = {arules: Mining Association Rules and Frequent Itemsets},
  author = {Michael Hahsler and Christian Buchta and Bettina Gruen and Kurt Hornik},
  year = {2019},
  note = {R package version 1.6-4},
  url = {https://CRAN.R-project.org/package=arules},
}

@Misc{scipy,
  author =    {Eric Jones and Travis Oliphant and Pearu Peterson and others},
  title =     {{SciPy}: Open source scientific tools for {Python}},
  year =      {2001--},
  url = "http://www.scipy.org/"
}

@misc{zum,
  author = {Pawe{'l} Cichosz},
  title = {Materiały wykładowe z przedmiotu \emph{Zaawansowane uczenie maszynowe}},
  year = {2020}
}
@article{agrawal1996fast,
  title={Fast discovery of association rules.},
  author={Agrawal, Rakesh and Mannila, Heikki and Srikant, Ramakrishnan and Toivonen, Hannu and Verkamo, A Inkeri and others},
  journal={Advances in knowledge discovery and data mining},
  volume={12},
  number={1},
  pages={307--328},
  year={1996},
  publisher={AAAI/MIT Press Menlo Park, CA}
}